<record><leader>00000cas a22000007a 4500</leader><controlfield tag="001">12035978</controlfield><controlfield tag="008">850515d18491854ohuwr ne      0    0eng d</controlfield><datafield ind1=" " ind2=" " tag="010"><subfield code="a">sn 85026102 </subfield></datafield><datafield ind1=" " ind2=" " tag="040"><subfield code="a">NPX</subfield><subfield code="b">eng</subfield><subfield code="c">NPX</subfield><subfield code="d">ONP</subfield><subfield code="d">OCL</subfield><subfield code="d">OCLCQ</subfield><subfield code="d">OCLCF</subfield><subfield code="d">OCLCO</subfield></datafield><datafield ind1=" " ind2=" " tag="042"><subfield code="a">msc</subfield></datafield><datafield ind1=" " ind2=" " tag="043"><subfield code="a">n-us-oh</subfield></datafield><datafield ind1="0" ind2=" " tag="130"><subfield code="a">Sandusky County Democrat (Fremont, Ohio : 1849)</subfield></datafield><datafield ind1="1" ind2="0" tag="245"><subfield code="a">Sandusky County Democrat.</subfield></datafield><datafield ind1=" " ind2=" " tag="260"><subfield code="a">Lower Sandusky [Fremont], Ohio :</subfield><subfield code="b">Charles J. Orton</subfield></datafield><datafield ind1=" " ind2=" " tag="300"><subfield code="a">v.</subfield></datafield><datafield ind1=" " ind2=" " tag="310"><subfield code="a">Weekly</subfield></datafield><datafield ind1="1" ind2=" " tag="362"><subfield code="a">Began in 1849; ceased in 1854.</subfield></datafield><datafield ind1=" " ind2=" " tag="588"><subfield code="a">Description based on: Vol. 4, no. 8 (Oct. 13, 1849).</subfield></datafield><datafield ind1=" " ind2="0" tag="651"><subfield code="a">Fremont (Ohio)</subfield><subfield code="v">Newspapers.</subfield></datafield><datafield ind1=" " ind2="0" tag="651"><subfield code="a">Sandusky County (Ohio)</subfield><subfield code="v">Newspapers.</subfield></datafield><datafield ind1=" " ind2="7" tag="655"><subfield code="a">Newspapers.</subfield><subfield code="2">fast</subfield><subfield code="0">(OCoLC)fst01423814</subfield></datafield><datafield ind1=" " ind2="7" tag="651"><subfield code="a">Ohio</subfield><subfield code="z">Fremont.</subfield><subfield code="2">fast</subfield><subfield code="0">(OCoLC)fst01227962</subfield></datafield><datafield ind1=" " ind2="7" tag="651"><subfield code="a">Ohio</subfield><subfield code="z">Sandusky County.</subfield><subfield code="2">fast</subfield><subfield code="0">(OCoLC)fst01221007</subfield></datafield><datafield ind1=" " ind2=" " tag="752"><subfield code="a">United States</subfield><subfield code="b">Ohio</subfield><subfield code="c">Sandusky</subfield><subfield code="d">Fremont.</subfield></datafield><datafield ind1="0" ind2="0" tag="780"><subfield code="t">Sandusky Democrat (Fremont, Ohio : 1848)</subfield><subfield code="w">(DLC)sn 90068610</subfield></datafield><datafield ind1="0" ind2="0" tag="785"><subfield code="t">Sandusky Democrat (Fremont, Ohio : 1854)</subfield><subfield code="w">(DLC)sn 85038233</subfield></datafield></record>